@misc{leCun1988,
  title={A theoretical framework for back-propagation},
  author={LeCun, Yann and Touresky, D and Hinton, G and Sejnowski, T},
  booktitle={Proceedings of the 1988 connectionist models summer school},
  volume={1},
  pages={21--28},
  year={1988}
}

@misc{he2016,
  title={Deep residual learning for image recognition},
  author={He, Kaiming and Zhang, Xiangyu and Ren, Shaoqing and Sun, Jian},
  booktitle={Proceedings of the IEEE conference on computer vision and pattern recognition},
  pages={770--778},
  year={2016},
  url = {https://openaccess.thecvf.com/content_cvpr_2016/papers/He_Deep_Residual_Learning_CVPR_2016_paper.pdf}
}

@article{benning2019,
	title={Deep learning as optimal control problems: Models and numerical methods},
  	author={Benning, Martin and Celledoni, Elena and Ehrhardt, Matthias J and Owren, Brynjulf and Sch{\"o}nlieb, Carola-Bibiane},
  	journal={arXiv preprint arXiv:1904.05657},
  	year={2019},
  	url = {https://doi.org/10.48550/arXiv.1904.05657}
}

@article{vaswani2017attention,
  title={Attention is all you need},
  author={Vaswani, A},
  journal={Advances in Neural Information Processing Systems},
  year={2017}
}

@article{higham2019,
  title={Deep learning: An introduction for applied mathematicians},
  author={Higham, Catherine F and Higham, Desmond J},
  journal={Siam review},
  volume={61},
  number={4},
  pages={860--891},
  year={2019},
  publisher={SIAM},
  online = {https://doi.org/10.48550/arXiv.1801.05894}
}

@article{tsang2018resnet,
  title={Review: ResNet — Winner of ILSVRC 2015 (Image Classification, Localization, Detection)},
  author={Tsang, Sik-Ho},
  journal={Towards Data Science},
  year={2018},
  url={https://towardsdatascience.com/review-resnet-winner-of-ilsvrc-2015-image-classification-localization-detection-e39402bfa5d8}
}

@misc{tom2024,
  author    = {Tom Feldhausen},
  title     = {Generalized Residual Connections},
  year      = {2024},
  url       = {https://github.com/tom22-5/Generalized-Residual-Connections},
  note      = {Accessed: 2024-12-27}
}

@book{rannacher2017numerik,
  author    = {Rolf Rannacher},
  title     = {Numerik 1: Numerik gewöhnlicher Differentialgleichungen},
  year      = {2017},
  publisher = {Heidelberg University Publishing},
  address   = {Heidelberg},
  doi       = {10.17885/heiup.258.342},
  url       = {https://doi.org/10.17885/heiup.258.342}
}

@misc{tom2024tableau,
  author       = {Tom Feldhausen},
  title        = {Accuracy for Depth 50: Residual Connections},
  year         = {2024},
  howpublished = {Tableau Visualization},
  url          = {https://public.tableau.com/app/profile/tom.feldhausen/viz/ResidualConnections/AccuracyforDepth50?publish=yes},
  note         = {Accessed: 2024-12-27}
}